@article{Osetal20,
    title = "Single-Session digital intervention for adolescent depression,
             anxiety, and well-being: Outcomes of a randomized controlled trial
             with Kenyan adolescents",
    author = "Osborn, T.L. and Wasil, A.R. and Gan, J. and Alemu, R.G. and Roe,
              E. and G., S.A. and Wasanga, C.M. and Rodriguez, M. and
              Venturo-Conerly, K.E. and Otieno, B.H. and Shingleton, R. and Weisz
              , J.R.",
    journaltitle = "Journal of Consulting and Clinical Psychology",
    volume = "88",
    number = "7",
    pages = "657-668",
    year = "2020",
    doi = "10.1037/ccp0000505",
    keywords = "depression, adolescents, global mental health, digital mental
                health, sub-Saharan Africa",
}
@article{oretal18,
    title = "Review of mental health promotion interventions in schools",
    author = "O'Reilly, M. and Svirydzenka, N. and Adams, S. and Dogra, N.",
    journaltitle = "Social Psychiatry and Psychiatric Epidemiology",
    volume = "53",
    pages = "647-662",
    year = "2018",
    doi = "10.1007/s00127-018-1530-1",
    keywords = "mental health promotion, children, schools, interventions",
}
@article{docetal19,
    title = "Mental health system costs, resources and constraints in South
             Africa: a national survey",
    author = "Docrat, S. and Besada, D. and Cleary, S. and Daviaud, E. and Lund,
              C.",
    journaltitle = "Health Policy and Planning",
    volume = "34",
    pages = "706-719",
    year = "2019",
    doi = "10.1093/heapol/czz085",
    keywords = "health system costs, mental health system, health planning,
                mental healthcare, developing countries, policy implementation",
}
@article{bakernaidu21,
    title = "The challenges faced by mental health care users in a primary
             setting: A qualitative study",
    author = "Baker, N. and Naidu, K.",
    journaltitle = "Community Mental Health Journal",
    volume = "57",
    pages = "285-293",
    year = "2021",
    doi = "10.1007/s10597-020-00647-y",
    keywords = "challenges, mental health care users, primary health care,
                primary mental health care",
}
@article{Osetal20b,
    title = "The Shamiri group intervention for adolescent anxiety and
             depression: Study protocol for a randomized controlled trial of a
             lay-provider-delivered, school-based intervention in Kenya",
    author = "Osborn, T.L. and Venturo-Conerly, K.E. and Wasil, A.R. and
              Rodriguez, M. and Roe, E. and Alemu, R. and G., S.A. and Gan, J.
              and Wasanga, C. and Schleider, J.L. and Weisz, J.R.",
    journaltitle = "Trials",
    volume = "21",
    number = "938",
    year = "2020",
    doi = "10.1186/s13063-020-04732-1",
    keywords = "adolescents, Sub-Saharan Africa, global mental health,
                depression, anxiety, Shamiri",
}
@article{Oseral21,
    title = "Effect of Shamiri layperson-provided intervention vs study skills
             control intervention for depression and anxiety symptoms in
             adolescents in Kenya",
    subtitle = "A randomized clinical trial",
    author = "Osborn, T.L. and Venturo-Conerly, K.E. and G., S.A. and Roe, E.
              and Rodriguez, M. and Alemu, R.G. and Gan, J. and Wasil, A.R. and
              Otieno, B.H. and Rusch, T. and Ndetei, D.M. and Wasanga, C. and
              Schleider, J.L. and Weisz, J.R.",
    journaltitle = "JAMA Psychiatry",
    volume = "78",
    number = "8",
    pages = "829-837",
    year = "2021",
    doi = "10.1001/jamapsychiatry.2021.1129",
}
@article{barryetal13,
    title = "A systematic review of the effectiveness of mental health promotion
             interventions for young people in low and middle income countries",
    author = "Barry, M.M. and Clarke, A.M. and Jenkins, R. and Patel, V.",
    journaltitle = "BMC Public Health",
    volume = "13",
    number = "835",
    year = "2013",
    url = "https://www.biomedcentral.com/1471-2458/13/835",
    keywords = "mental health promotion, young people, low and middle income
                countries, systematic review",
}
@article{riduvetal11,
    title = "Preventing adolescent depression in Mauritius: A universal
             school-based program",
    author = "Rivet-Duval, E. and Heriot, S. and Hunt, C.",
    journaltitle = "Child and Adolescent Mental Health",
    volume = "16",
    number = "2",
    pages = "86-91",
    year = "2011",
    doi = "10.1111/j.1475-3588.2010.00584.x",
    keywords = "depression, prevention, adolescents, universal school-based
                programs",
}
@article{cook17,
    title = "Evidence-based psychotherapy: Adantages and challenges",
    author = "Cook, S.C. and Schwartz, A.C. and Kaslow, N.J.",
    journaltitle = "Neurotherapeutics",
    volume = "14",
    pages = "537-545",
    year = "2017",
    doi = "10.1007/s13311-017-0549-4",
    keywords = "evidence-based psychotherapy, evidence-based treatment,
                evidence-based treatment strengths, evidence-based treatment
                challenges, evidence-based treatment misperceptions,
                evidence-based therapy",
}
@article{gaud08,
    title = "Cognitive-behavioural therapies: Achievements and challenges",
    author = "Gaudiano, B.A.",
    journaltitle = "Evidence Based Mental Health",
    volume = "11",
    pages = "5-7",
    year = "2008",
    doi = "10.1136/ebmh.11.1.5",
}
@article{woja17,
    title = "The art and skill of delivering culturally responsive
             trauma-focused cognitive behavioral therapy in Tanzania and Kenya",
    author = "Woods-Jaeger, B.A. and Kava, C.M. and Akiba, C.F. and Lucid, L.
              and Dorsey, S.",
    journaltitle = "Psychological Trauma: Theory, Research, Practice, and Policy
                    ",
    volume = "9",
    number = "2" page"230-238",
    year = "2017",
    doi = "10.1037/tra0000170",
    keywords = "global mental health, task sharing, trauma-focused cognitive
                behavioral therapy (TF-CBT), cultural responsiveness",
}
